@inproceedings{openlongtailrecognition,
  title     = {Large-Scale Long-Tailed Recognition in an Open World},
  author    = {Liu, Ziwei and Miao, Zhongqi and Zhan, Xiaohang and Wang, Jiayun and Gong, Boqing and Yu, Stella X.},
  booktitle = {IEEE Conference on Computer Vision and Pattern Recognition (CVPR)},
  year      = {2019}
}

@inproceedings{he2016deep,
  title={Deep residual learning for image recognition},
  author={He, Kaiming and Zhang, Xiangyu and Ren, Shaoqing and Sun, Jian},
  booktitle={Proceedings of the IEEE conference on computer vision and pattern recognition},
  pages={770--778},
  year={2016}
}

@inproceedings{deng2009imagenet,
  title={Imagenet: A large-scale hierarchical image database},
  author={Deng, Jia and Dong, Wei and Socher, Richard and Li, Li-Jia and Li, Kai and Fei-Fei, Li},
  booktitle={2009 IEEE conference on computer vision and pattern recognition},
  pages={248--255},
  year={2009},
  organization={Ieee}
}

@article{Xie2016,
  title={Aggregated Residual Transformations for Deep Neural Networks},
  author={Saining Xie and Ross Girshick and Piotr Doll√°r and Zhuowen Tu and Kaiming He},
  journal={arXiv preprint arXiv:1611.05431},
  year={2016}
}

@inproceedings{koziarski2021two,
  title={Two-stage resampling for convolutional neural network training in the imbalanced colorectal cancer image classification},
  author={Koziarski, Micha{\l}},
  booktitle={2021 International Joint Conference on Neural Networks (IJCNN)},
  pages={1--8},
  year={2021},
  organization={IEEE}
}

@article{chawla2002smote,
  title={SMOTE: synthetic minority over-sampling technique},
  author={Chawla, Nitesh V and Bowyer, Kevin W and Hall, Lawrence O and Kegelmeyer, W Philip},
  journal={Journal of artificial intelligence research},
  volume={16},
  pages={321--357},
  year={2002}
}

@inproceedings{cui2019class,
  title={Class-balanced loss based on effective number of samples},
  author={Cui, Yin and Jia, Menglin and Lin, Tsung-Yi and Song, Yang and Belongie, Serge},
  booktitle={Proceedings of the IEEE/CVF conference on computer vision and pattern recognition},
  pages={9268--9277},
  year={2019}
}

@inproceedings{burnaev2015influence,
  title={Influence of resampling on accuracy of imbalanced classification},
  author={Burnaev, Evgeny and Erofeev, Pavel and Papanov, Artem},
  booktitle={Eighth international conference on machine vision (ICMV 2015)},
  volume={9875},
  pages={423--427},
  year={2015},
  organization={SPIE}
}

@article{zhang2021mining,
  title={Mining the Benefits of Two-stage and One-stage HOI Detection},
  author={Zhang, Aixi and Liao, Yue and Liu, Si and Lu, Miao and Wang, Yongliang and Gao, Chen and Li, Xiaobo},
  journal={arXiv preprint arXiv:2108.05077},
  year={2021}
}

@article{estabrooks2004multiple,
  title={A multiple resampling method for learning from imbalanced data sets},
  author={Estabrooks, Andrew and Jo, Taeho and Japkowicz, Nathalie},
  journal={Computational intelligence},
  volume={20},
  number={1},
  pages={18--36},
  year={2004},
  publisher={Wiley Online Library}
}

@inproceedings{lin2017focal,
  title={Focal loss for dense object detection},
  author={Lin, Tsung-Yi and Goyal, Priya and Girshick, Ross and He, Kaiming and Doll{\'a}r, Piotr},
  booktitle={Proceedings of the IEEE international conference on computer vision},
  pages={2980--2988},
  year={2017}
}

@article{cao2019learning,
  title={Learning imbalanced datasets with label-distribution-aware margin loss},
  author={Cao, Kaidi and Wei, Colin and Gaidon, Adrien and Arechiga, Nikos and Ma, Tengyu},
  journal={Advances in neural information processing systems},
  volume={32},
  year={2019}
}

@article{pereira2021toward,
  title={Toward hierarchical classification of imbalanced data using random resampling algorithms},
  author={Pereira, Rodolfo M and Costa, Yandre MG and Silla Jr, Carlos N},
  journal={Information Sciences},
  volume={578},
  pages={344--363},
  year={2021},
  publisher={Elsevier}
}

@inproceedings{huang2016learning,
  title={Learning deep representation for imbalanced classification},
  author={Huang, Chen and Li, Yining and Loy, Chen Change and Tang, Xiaoou},
  booktitle={Proceedings of the IEEE conference on computer vision and pattern recognition},
  pages={5375--5384},
  year={2016}
}

@article{wang2021adaptive,
  title={Adaptive Class Suppression Loss for Long-Tail Object Detection},
  author={Wang, Tong and Zhu, Yousong and Zhao, Chaoyang and Zeng, Wei and Wang, Jinqiao and Tang, Ming},
  journal={CVPR},
  year={2021}
}

@article{kang2019decoupling,
  title={Decoupling representation and classifier for long-tailed recognition},
  author={Kang, Bingyi and Xie, Saining and Rohrbach, Marcus and Yan, Zhicheng and Gordo, Albert and Feng, Jiashi and Kalantidis, Yannis},
  journal={arXiv preprint arXiv:1910.09217},
  year={2019}
}

@inproceedings{han2005borderline,
  title={Borderline-SMOTE: a new over-sampling method in imbalanced data sets learning},
  author={Han, Hui and Wang, Wen-Yuan and Mao, Bing-Huan},
  booktitle={International conference on intelligent computing},
  pages={878--887},
  year={2005},
  organization={Springer}
}

@inproceedings{drummond2003c4,
  title={C4. 5, class imbalance, and cost sensitivity: why under-sampling beats over-sampling},
  author={Drummond, Chris and Holte, Robert C and others},
  booktitle={Workshop on learning from imbalanced datasets II},
  volume={11},
  pages={1--8},
  year={2003}
}

@inproceedings{he2008adaptive,
  title={adaptive synthetic sampling approach for imbalanced learning. IEEE international joint conference on neural networks},
  author={He, H and Bai, Y and Garcia, EA and Li, S ADASYN},
  booktitle={2008 (IEEE World Congress On Computational Intelligence)},
  year={2008}
}

@inproceedings{zou2018unsupervised,
  title={Unsupervised domain adaptation for semantic segmentation via class-balanced self-training},
  author={Zou, Yang and Yu, Zhiding and Kumar, BVK and Wang, Jinsong},
  booktitle={Proceedings of the European conference on computer vision (ECCV)},
  pages={289--305},
  year={2018}
}

@article{wang2017learning,
  title={Learning to model the tail},
  author={Wang, Yu-Xiong and Ramanan, Deva and Hebert, Martial},
  journal={Advances in neural information processing systems},
  volume={30},
  year={2017}
}

@inproceedings{mahajan2018exploring,
  title={Exploring the limits of weakly supervised pretraining},
  author={Mahajan, Dhruv and Girshick, Ross and Ramanathan, Vignesh and He, Kaiming and Paluri, Manohar and Li, Yixuan and Bharambe, Ashwin and Van Der Maaten, Laurens},
  booktitle={Proceedings of the European conference on computer vision (ECCV)},
  pages={181--196},
  year={2018}
}

@article{mikolov2013distributed,
  title={Distributed representations of words and phrases and their compositionality},
  author={Mikolov, Tomas and Sutskever, Ilya and Chen, Kai and Corrado, Greg S and Dean, Jeff},
  journal={Advances in neural information processing systems},
  volume={26},
  year={2013}
}

@inproceedings{jamal2020rethinking,
  title={Rethinking class-balanced methods for long-tailed visual recognition from a domain adaptation perspective},
  author={Jamal, Muhammad Abdullah and Brown, Matthew and Yang, Ming-Hsuan and Wang, Liqiang and Gong, Boqing},
  booktitle={Proceedings of the IEEE/CVF Conference on Computer Vision and Pattern Recognition},
  pages={7610--7619},
  year={2020}
}

@article{snell2017prototypical,
  title={Prototypical networks for few-shot learning},
  author={Snell, Jake and Swersky, Kevin and Zemel, Richard},
  journal={Advances in neural information processing systems},
  volume={30},
  year={2017}
}

@article{guerriero2018deepncm,
  title={Deepncm: Deep nearest class mean classifiers},
  author={Guerriero, Samantha and Caputo, Barbara and Mensink, Thomas},
  year={2018}
}

@inproceedings{rebuffi2017icarl,
  title={icarl: Incremental classifier and representation learning},
  author={Rebuffi, Sylvestre-Alvise and Kolesnikov, Alexander and Sperl, Georg and Lampert, Christoph H},
  booktitle={Proceedings of the IEEE conference on Computer Vision and Pattern Recognition},
  pages={2001--2010},
  year={2017}
}

@inproceedings{liu2019large,
  title={Large-scale long-tailed recognition in an open world},
  author={Liu, Ziwei and Miao, Zhongqi and Zhan, Xiaohang and Wang, Jiayun and Gong, Boqing and Yu, Stella X},
  booktitle={Proceedings of the IEEE/CVF Conference on Computer Vision and Pattern Recognition},
  pages={2537--2546},
  year={2019}
}

@inproceedings{NEURIPS2019_bdbca288,
 author = {Paszke, Adam and Gross, Sam and Massa, Francisco and Lerer, Adam and Bradbury, James and Chanan, Gregory and Killeen, Trevor and Lin, Zeming and Gimelshein, Natalia and Antiga, Luca and Desmaison, Alban and Kopf, Andreas and Yang, Edward and DeVito, Zachary and Raison, Martin and Tejani, Alykhan and Chilamkurthy, Sasank and Steiner, Benoit and Fang, Lu and Bai, Junjie and Chintala, Soumith},
 booktitle = {Advances in Neural Information Processing Systems},
 editor = {H. Wallach and H. Larochelle and A. Beygelzimer and F. d\textquotesingle Alch\'{e}-Buc and E. Fox and R. Garnett},
 pages = {},
 publisher = {Curran Associates, Inc.},
 title = {PyTorch: An Imperative Style, High-Performance Deep Learning Library},
 volume = {32},
 year = {2019}
}